
    <record>
        <leader>00000nz  a2200169   4500</leader>
        <controlfield tag="001">30003921</controlfield>
        <controlfield tag="003">RISM</controlfield>
        <controlfield tag="005">20160216</controlfield>
        <controlfield tag="008">160216n||az|||||||##########||||||||||||</controlfield>
        <datafield tag="040" ind1=" " ind2=" ">
            <subfield code="a">PK-Kat</subfield>
        </datafield>
        <datafield tag="043" ind1=" " ind2=" ">
            <subfield code="c">XB-PK</subfield>
        </datafield>
        <datafield tag="110" ind1="2" ind2=" ">
            <subfield code="a">An*g27uman-e-Taraqq¯i-ye-Urd¯u</subfield>
            <subfield code="c">Karachi</subfield>
            <subfield code="g">PK-Kat</subfield>
        </datafield>
        <datafield tag="410" ind1="2" ind2=" ">
            <subfield code="a">Anjuman Taraqqi-e-Urdu</subfield>
        </datafield>
    </record>