
    <record>
        <leader>00000nz  a2200169   4500</leader>
        <controlfield tag="001">30003922</controlfield>
        <controlfield tag="003">RISM</controlfield>
        <controlfield tag="005">20160216</controlfield>
        <controlfield tag="008">160216n||az|||||||##########||||||||||||</controlfield>
        <datafield tag="040" ind1=" " ind2=" ">
            <subfield code="a">PK-Knm</subfield>
        </datafield>
        <datafield tag="043" ind1=" " ind2=" ">
            <subfield code="c">XB-PK</subfield>
        </datafield>
        <datafield tag="110" ind1="2" ind2=" ">
            <subfield code="a">National Museum of Pakistan</subfield>
            <subfield code="c">Karachi</subfield>
            <subfield code="g">PK-Knm</subfield>
        </datafield>
    </record>