
    <record>
        <leader>00000nz  a2200169   4500</leader>
        <controlfield tag="001">30003923</controlfield>
        <controlfield tag="003">RISM</controlfield>
        <controlfield tag="005">20160216</controlfield>
        <controlfield tag="008">160216n||az|||||||##########||||||||||||</controlfield>
        <datafield tag="040" ind1=" " ind2=" ">
            <subfield code="a">PK-Lpu</subfield>
        </datafield>
        <datafield tag="043" ind1=" " ind2=" ">
            <subfield code="c">XB-PK</subfield>
        </datafield>
        <datafield tag="110" ind1="2" ind2=" ">
            <subfield code="a">Punjab University Library &lt;Lahore&gt;</subfield>
            <subfield code="c">Lahore</subfield>
            <subfield code="g">PK-Lpu</subfield>
        </datafield>
        <datafield tag="410" ind1="2" ind2=" ">
            <subfield code="a">Pendjab University Library</subfield>
        </datafield>
        <datafield tag="622" ind1=" " ind2=" ">
            <subfield code="u">http://www.pu.edu.pk</subfield>
        </datafield>
    </record>